<record><leader>00000cas a2200000 a 4500</leader><controlfield tag="001">33427638</controlfield><controlfield tag="008">951106d18931943fluwr ne      0   a0eng c</controlfield><datafield ind1=" " ind2=" " tag="010"><subfield code="a">sn 95047263 </subfield></datafield><datafield ind1=" " ind2=" " tag="040"><subfield code="a">FUG</subfield><subfield code="b">eng</subfield><subfield code="c">FUG</subfield><subfield code="d">OCLCQ</subfield><subfield code="d">DLC</subfield><subfield code="d">FUG</subfield><subfield code="d">OCLCQ</subfield><subfield code="d">OCLCF</subfield></datafield><datafield ind1=" " ind2=" " tag="012"><subfield code="i">9511</subfield></datafield><datafield ind1="1" ind2=" " tag="022"><subfield code="a">1943-8826</subfield><subfield code="l">1943-8826</subfield><subfield code="2">1</subfield></datafield><datafield ind1="1" ind2=" " tag="029"><subfield code="a">AU@</subfield><subfield code="b">000025889111</subfield></datafield><datafield ind1="1" ind2=" " tag="029"><subfield code="a">NZ1</subfield><subfield code="b">16071186</subfield></datafield><datafield ind1=" " ind2=" " tag="042"><subfield code="a">pcc</subfield><subfield code="a">nsdp</subfield></datafield><datafield ind1=" " ind2=" " tag="043"><subfield code="a">n-us-fl</subfield></datafield><datafield ind1="0" ind2="0" tag="050"><subfield code="a">Newspaper</subfield></datafield><datafield ind1=" " ind2="4" tag="222"><subfield code="a">The Chipley banner</subfield></datafield><datafield ind1="0" ind2="4" tag="245"><subfield code="a">The Chipley banner.</subfield></datafield><datafield ind1=" " ind2=" " tag="260"><subfield code="a">Chipley, Washington County, Fla. :</subfield><subfield code="b">C. Tharp &amp; Co.</subfield></datafield><datafield ind1=" " ind2=" " tag="300"><subfield code="a">v.</subfield></datafield><datafield ind1=" " ind2=" " tag="310"><subfield code="a">Weekly</subfield></datafield><datafield ind1="1" ind2=" " tag="362"><subfield code="a">Began in 1893; ceased in 1943.</subfield></datafield><datafield ind1="1" ind2=" " tag="520"><subfield code="a">In 1882, the small West Florida community of Orange was founded in anticipation of a railroad to connect the farming area with markets in the Florida cities of Pensacola and Tallahassee and cities in Alabama and Georgia. Shortly after the railroad arrived, the town was renamed Chipley in honor of William D. Chipley, vice-president of the Pensacola and Atlantic Railroad, a notable figure in the political and economic history of the area, and an aggressive lobbyist for railroad land grants. The town's first newspaper, the Intelligencer [LCCN: not known to exist], edited by J.C. Langley, was also begun in 1882. The paper was renamed the Chipley Banner [LCCN: sn95047263] in 1893 and published under this name until 1943 when it merged with the Washington County (FL) News [LCCN: sn81000810], also published in Chipley from May 1931 and continuing under that title today (ca. 2007). "The town that was built on a railroad," Chipley is the county seat of Washington County, located inland in Florida's Panhandle south of the Alabama state line. The current Washington County News is a weekly published by Maurice Pujol and owned by Chipley Newspapers, Inc. With a circulation just over 2,000, the paper is affiliated with the Holmes County (FL) Advertiser [LCCN: sn95047240], published in Bonifay, Florida, also published by Chipley Newspapers, Inc., and owned by Pujol.--E. Kesse, University of Florida Digital Library Center.</subfield></datafield><datafield ind1=" " ind2=" " tag="530"><subfield code="a">Archived issues are available in digital format from the Library of Congress Chronicling America online collection.</subfield></datafield><datafield ind1=" " ind2=" " tag="588"><subfield code="a">Description based on: Vol. 1, no. 2 (July 15, 1893).</subfield></datafield><datafield ind1=" " ind2=" " tag="588"><subfield code="a">Latest issue consulted: Vol. 36, no. 52 (Jan. 24, 1929).</subfield></datafield><datafield ind1=" " ind2="0" tag="651"><subfield code="a">Chipley (Fla.)</subfield><subfield code="v">Newspapers.</subfield></datafield><datafield ind1=" " ind2="0" tag="651"><subfield code="a">Washington County (Fla.)</subfield><subfield code="v">Newspapers.</subfield></datafield><datafield ind1=" " ind2="7" tag="655"><subfield code="a">Newspapers.</subfield><subfield code="2">fast</subfield><subfield code="0">(OCoLC)fst01423814</subfield></datafield><datafield ind1=" " ind2="7" tag="651"><subfield code="a">Florida</subfield><subfield code="z">Chipley.</subfield><subfield code="2">fast</subfield><subfield code="0">(OCoLC)fst01215218</subfield></datafield><datafield ind1=" " ind2="7" tag="651"><subfield code="a">Florida</subfield><subfield code="z">Washington County.</subfield><subfield code="2">fast</subfield><subfield code="0">(OCoLC)fst01215224</subfield></datafield><datafield ind1=" " ind2=" " tag="752"><subfield code="a">United States</subfield><subfield code="b">Florida</subfield><subfield code="c">Washington</subfield><subfield code="d">Chipley.</subfield></datafield><datafield ind1="0" ind2="4" tag="785"><subfield code="t">Washington County news (Chipley, Fla.)</subfield><subfield code="x">0279-795X</subfield><subfield code="w">(DLC)sn 81000810</subfield><subfield code="w">(OCoLC)7260886</subfield></datafield><datafield ind1=" " ind2=" " tag="850"><subfield code="a">FU</subfield></datafield><datafield ind1="4" ind2="1" tag="856"><subfield code="u">http://www.loc.gov/chroniclingamerica/lccn/sn95047263/issues</subfield></datafield></record>